@misc{grsechp,
    author = {Piotr Karbowski},
    title = {Open Source Security Inc},
    howpublished = "\url{https://grsecurity.net/}",
    year = {2015}, 
    note = "[Online; accessed 27 September 2015]"
}
